@article{abadidesign,
  title={The Design and Implementation of Modern Column-Oriented Database Systems},
  author={Abadi, Daniel and Boncz, Peter and Harizopoulos, Stavros and Idreos, Stratos and Madden, Samuel}
}

@article{batory1979searching,
  title={On searching transposed files},
  author={Batory, Don S},
  journal={ACM Transactions on Database Systems (TODS)},
  volume={4},
  number={4},
  pages={531--544},
  year={1979},
  publisher={ACM}
}

@online{habr:column_db,
  author       = "Habrahabr",
  title        = "Колоночные СУБД",
  howpublished = "Колоночные СУБД — принцип действия, преимущества и область применения",
  year         = "2011",
  url          = "http://habrahabr.ru/post/95181/",
  urldate      = "9.05.2015",
  eprint       = "http://goo.gl/KIhebp",
  language     = "russian"
}

@article{novikov,
  author       = {Новиков Б.А.},
  title        = "Теория транзакций. Специальный курс для студентов 4 курса (отделение информатики)",
  year         = "2007"
}

@book{iso:iec:2382,
  author       = "{ISO}",
  title        = "{ISO\slash IEC 2382-1:1993 Information technology --- Vocabulary --- Part 1: Fundamental terms}",
  publisher    = "International Organization for Standardization",
  address      = "Geneva, Switzerland",
  pages        = "32",
  year         = "1993",
  language     = "english"
}

@book{gost10032,
  title = "ГОСТ Р ИСО/МЭК ТО 10032-2007. Эталонная модель управления данными",
  address = "М.",
  publisher = "Изд-во стандартов",
  year = 2007,
  numpages = 45,
  language = "russian"
}

@online{gartner,
  author       = "Gartner",
  title        = "IT Glossary",
  howpublished = "Gartner IT Glossary",
  year         = "2012",
  url          = "http://www.gartner.com/it-glossary/",
  urldate      = "03.02.2012",
  eprint       = "http://goo.gl/b6WUsL",
  language     = "english"
}

@online{vizard,
  author       = "Dice Insights",
  title        = "The Rise Of In-Memory Databases",
  howpublished = "The Rise Of In-Memory Databases - Dice Insights",
  year         = "2012",
  url          = "http://insights.dice.com/2012/07/13/the-rise-of-in-memory-databases/",
  urldate      = "15.05.2015 01:01",
  eprint       = "http://goo.gl/aD8k9K",
  language     = "english"
}